

@article{suarez1999delimitacion,
  title={Delimitaci{\'o}n y definici{\'o}n del espacio litoral},
  author={Su{\'a}rez de Vivero, Juan Luis},
  journal={Jornadas sobre el litoral de Almer{\'\i}a: caracterizaci{\'o}n, ordenaci{\'o}n y gesti{\'o}n de un espacio geogr{\'a}fico celebradas en Almer{\'\i}a, 20 a 24 de Mayo de 1997. Pag: 13-23},
  year={1999}
}

@article{codignotto1997geomorfologia,
  title={Geomorfolog{\'\i}a y din{\'a}mica costera},
  author={Codignotto, J},
  year={1997},
  publisher={Instituto Nacional de Investigaci{\'o}n y Desarrollo Pesquero (INIDEP): Mar del~â€¦}
}

@article{kokot2004erosion,
  title={Erosi{\'o}n en la costa patag{\'o}nica por cambio clim{\'a}tico},
  author={Kokot, Roberto Roque},
  year={2004},
  publisher={Asociaci{\'o}n Geol{\'o}gica Argentina}
}

@article{hernandez2008morfodinamica,
  title={Morfodin{\'a}mica de la l{\'\i}nea de costa del estado de Tabasco, M{\'e}xico: tendencias desde la segunda mitad del siglo XX hasta el presente},
  author={Hern{\'a}ndez Santana, Jos{\'e} Ram{\'o}n and Ortiz P{\'e}rez, Mario Arturo and M{\'e}ndez Linares, Ana Patricia and Gama Campillo, Lilia},
  journal={Investigaciones geogr{\'a}ficas},
  number={65},
  pages={7--21},
  year={2008},
  publisher={Instituto de Geograf{\'\i}a, UNAM}
}





@misc{nasa2014srtm1sdem,
  author={{NASA LP DAAC}},
  title={SRTM 1 Arc-Second Global},
  year={2000},
  address={NASA EOSDIS Land Processes DAAC, USGS Earth Resources Observation and Science (EROS) Center, Sioux Falls, South Dakota},
  howpublished={\url{https://earthexplorer.usgs.gov/}},
  note={published September 2014, accessed May 2016}
}
@article{bishop1995drainage,
  title={Drainage rearrangement by river capture, beheading and diversion},
  author={Bishop, Paul},
  journal={Progress in physical geography},
  volume={19},
  number={4},
  pages={449--473},
  year={1995},
  publisher={Sage Publications Sage CA: Thousand Oaks, CA}
}
@article{sun2007fast,
  title={Fast and effective feature-preserving mesh denoising},
  author={Sun, Xianfang and Rosin, Paul and Martin, Ralph and Langbein, Frank},
  journal={IEEE Transactions on Visualization \& Computer Graphics},
  number={5},
  pages={925--938},
  year={2007},
  publisher={IEEE}
}